<record><leader>00000cas a22000007a 4500</leader><controlfield tag="001">10437642</controlfield><controlfield tag="008">840221d18681876pauwr ne      0    0eng d</controlfield><datafield ind1=" " ind2=" " tag="010"><subfield code="a">sn 84026354 </subfield></datafield><datafield ind1=" " ind2=" " tag="040"><subfield code="a">NPU</subfield><subfield code="b">eng</subfield><subfield code="c">NPU</subfield><subfield code="d">NPH</subfield><subfield code="d">NPX</subfield><subfield code="d">MGN</subfield><subfield code="d">UPM</subfield><subfield code="d">OCLCQ</subfield><subfield code="d">OCLCF</subfield><subfield code="d">OCLCO</subfield></datafield><datafield ind1=" " ind2=" " tag="042"><subfield code="a">msc</subfield></datafield><datafield ind1=" " ind2=" " tag="043"><subfield code="a">n-us-pa</subfield></datafield><datafield ind1="0" ind2="0" tag="245"><subfield code="a">Elk County railroad and mining gazette.</subfield></datafield><datafield ind1="3" ind2="0" tag="246"><subfield code="a">Elk County gazette</subfield></datafield><datafield ind1="1" ind2="3" tag="246"><subfield code="a">R.R. and m. gazette</subfield></datafield><datafield ind1="1" ind2="3" tag="246"><subfield code="a">R.R. &amp; m. gazette</subfield></datafield><datafield ind1=" " ind2=" " tag="260"><subfield code="a">St. Mary's, Pa. :</subfield><subfield code="b">Edward F. Hodges,</subfield><subfield code="c">1868-</subfield></datafield><datafield ind1=" " ind2=" " tag="300"><subfield code="a">v. ;</subfield><subfield code="c">65 cm.</subfield></datafield><datafield ind1=" " ind2=" " tag="310"><subfield code="a">Weekly</subfield></datafield><datafield ind1="0" ind2=" " tag="362"><subfield code="a">Vol. 1, no. 1 (Sept. 24, 1868)-</subfield></datafield><datafield ind1="1" ind2=" " tag="362"><subfield code="a">Ceased in 1876? Cf. Salisbury, R. Pa. newspapers.</subfield></datafield><datafield ind1=" " ind2=" " tag="500"><subfield code="a">Published as: Elk County gazette, &lt;Jan. 9-30, 1873&gt;.</subfield></datafield><datafield ind1=" " ind2=" " tag="500"><subfield code="a">Publisher: G.C. Brandon, &lt;1873-1876&gt;.</subfield></datafield><datafield ind1=" " ind2=" " tag="580"><subfield code="a">Continues: Railroad and mining gazette. Cf. Salisbury, R. Pa. newspapers.</subfield></datafield><datafield ind1=" " ind2=" " tag="580"><subfield code="a">Continued by: Elk County gazette. Cf. Salisbury, R. Pa. newspapers.</subfield></datafield><datafield ind1=" " ind2="0" tag="651"><subfield code="a">Elk County (Pa.)</subfield><subfield code="v">Newspapers.</subfield></datafield><datafield ind1=" " ind2="0" tag="651"><subfield code="a">Saint Marys (Elk County, Pa.)</subfield><subfield code="v">Newspapers.</subfield></datafield><datafield ind1=" " ind2="7" tag="655"><subfield code="a">Newspapers.</subfield><subfield code="2">fast</subfield><subfield code="0">(OCoLC)fst01423814</subfield></datafield><datafield ind1=" " ind2="7" tag="651"><subfield code="a">Pennsylvania</subfield><subfield code="z">Elk County.</subfield><subfield code="2">fast</subfield><subfield code="0">(OCoLC)fst01222017</subfield></datafield><datafield ind1=" " ind2="7" tag="651"><subfield code="a">Pennsylvania</subfield><subfield code="z">Saint Marys (Elk County)</subfield><subfield code="2">fast</subfield><subfield code="0">(OCoLC)fst01313973</subfield></datafield><datafield ind1=" " ind2=" " tag="752"><subfield code="a">United States</subfield><subfield code="b">Pennsylvania</subfield><subfield code="c">Elk</subfield><subfield code="d">Saint Mary's.</subfield></datafield><datafield ind1="1" ind2="0" tag="780"><subfield code="t">Railroad and mining gazette</subfield></datafield><datafield ind1="1" ind2="0" tag="785"><subfield code="t">Elk County gazette</subfield><subfield code="w">(DLC)sn 87080476</subfield><subfield code="w">(OCoLC)14210708</subfield></datafield></record>